<?xml version="1.0" encoding="UTF-8"?><record xmlns="http://www.loc.gov/MARC21/slim" xmlns:cinclude="http://apache.org/cocoon/include/1.0" xmlns:zs="http://www.loc.gov/zing/srw/">
  <leader>00453cz  a2200133n  4500</leader>
  <controlfield tag="001">n 2002125046</controlfield>
  <controlfield tag="003">DLC</controlfield>
  <controlfield tag="005">20090606075059.0</controlfield>
  <controlfield tag="008">020617n| acannaabn          |n aaa      </controlfield>
  <datafield tag="010" ind1=" " ind2=" ">
    <subfield code="a">n 2002125046</subfield>
  </datafield>
  <datafield tag="040" ind1=" " ind2=" ">
    <subfield code="a">DLC</subfield>
    <subfield code="b">eng</subfield>
    <subfield code="c">DLC</subfield>
    <subfield code="d">DLC</subfield>
  </datafield>
  <datafield tag="100" ind1="1" ind2=" ">
    <subfield code="a">Robinson, Leroy</subfield>
    <subfield code="q">(Leroy C.)</subfield>
  </datafield>
  <datafield tag="670" ind1=" " ind2=" ">
    <subfield code="a">Discovery map, Sun Valley, Ketchum, Hailey, Bellevue, Idaho, c2001:</subfield>
    <subfield code="b">map recto (artist, Leroy Robinson)</subfield>
  </datafield>
  <datafield tag="670" ind1=" " ind2=" ">
    <subfield code="a">Phone call to publisher, June 18, 2002</subfield>
    <subfield code="b">(Leroy C. Robinson)</subfield>
  </datafield>
</record>